<record xmlns="http://www.loc.gov/MARC21/slim" xmlns:xsi="http://www.w3.org/2001/XMLSchema-instance" xsi:schemaLocation="http://www.loc.gov/MARC21/slim http://www.loc.gov/standards/marcxml/schema/MARC21slim.xsd">

  <leader>01077nab a2200157   4500</leader>
  <controlfield tag="008">150604b1999    cr f|||| |||| 00| 0 spa d</controlfield>
  <datafield ind1=" " ind2=" " tag="090">
    <subfield code="a">REVIS 06.02.01</subfield>
  </datafield>
  <datafield ind1="1" tag="100" ind2=" ">
    <subfield code="9">104</subfield>
    <subfield code="a">Tabash Blanco, Nayibe</subfield>
  </datafield>
  <datafield ind2="0" tag="245" ind1="1">
    <subfield code="a">Globalización y currículo /</subfield>
    <subfield code="c">Nayibe Tabash Blanco</subfield>
  </datafield>
  <datafield tag="260" ind2=" " ind1=" ">
    <subfield code="a">San José, Costa Rica :</subfield>
    <subfield code="b">Editorial Universidad de Costa Rica,</subfield>
    <subfield code="c">1999</subfield>
  </datafield>
  <datafield ind2=" " tag="300" ind1=" ">
    <subfield code="a">páginas 89-103</subfield>
  </datafield>
  <datafield ind2=" " tag="520" ind1=" ">
    <subfield code="a">El currículo debe incorporar diferentes situaciones sociales presentes en las aulas escolares, con el fin de analizar los elementos que van a afectar la identidad de la cultura nacional.
El presente artículo pretende dar una perspectiva general acerca del  impacto que ha tenido el proceso de globalización en la pertinencia cultural del currículo, ya que nos enfrentamos con un proceso de grandes dimensiones e implicaciones que a ciencia cierta no es posible percibir</subfield>
  </datafield>
  <datafield ind2="0" tag="650" ind1=" ">
    <subfield code="9">1</subfield>
    <subfield code="a">EDUCACIÓN</subfield>
  </datafield>
  <datafield ind2=" " tag="773" ind1="0">
    <subfield code="d">San José, Costa Rica : Editorial de la Universidad de Costa Rica, 1997-</subfield>
    <subfield code="o">R0023</subfield>
    <subfield code="t">EDUCACIÓN: Revista de la Universidad de Costa Rica</subfield>
    <subfield code="g">Vol.23, no.2 (1999)</subfield>
  </datafield>
  <datafield ind1=" " tag="942" ind2=" ">
    <subfield code="2">z</subfield>
    <subfield code="c">10</subfield>
  </datafield>
  <datafield ind2=" " tag="999" ind1=" ">
    <subfield code="c">2631</subfield>
    <subfield code="d">2631</subfield>
  </datafield>
</record>